@booklet{sabbah_cimpa90,
  author       = {{Sabbah}, C.},
  title        = {Introduction to algebraic theory of linear systems of
    differential equations},
  howpublished = {Vorlesungsskript \url{http://www.math.polytechnique.fr/cmat/sabbah/sabbah_cimpa90.pdf}},
  year         = 1990
}
@misc{sabbah_Fourier-local,
    Author       = {Sabbah, C.},
    Title        = {An explicit stationary phase formula for the local formal Fourier-Laplace transform},
    Year         = {2007},
    Eprint       = {arXiv:0706.3570},
    Howpublished = {in Singularities I, Contemp. Math., vol. 474, Amer. Math. Soc.,
      Providence, RI, 2008, p. 309-330},
}
@Thesis{ZulaBarbara,
  author       = {{{Alkofer}, B.} and {{Vogl}, F.}},
  title        = "Lineare Differentialgleichungen und deren
    Fouriertransformierte aus algebraischer Sicht / Lineare 
    Differentialgleichungen aus algebraischer Sicht",
  school       = {Universit\"at Regensburg},
  year         = {2009},
  type         = {Zulassungsarbeit},
  howpublished = {Zulassungsarbeit}
}
@Thesis{DiplHedwig,
  author       = {{Heizinger}, H.},
  title        = "{Verschwindungszykel regul\"ar singul\"arer D-Moduln und
      Fouriertransformation}",
  school       = {Universit\"at Regensburg},
  year         = {2010},
  type         = {Diplomarbeit},
  howpublished = {Diplomarbeit}
}
@booklet{ArkhipovDmod,
  title        = {$\mathcal{D}$-modules},
  author       = {{Arkhipov},S.},
  school       = {Department of Mathematics, University of Toronto },
  year         = {2012},
  month        = may,
  day          = {15},
  howpublished = "\url{http://wiki.math.toronto.edu/TorontoMathWiki/images/c/ce/MAT1191_Lecture_Notes.pdf}"
}
@ARTICLE{Bloch_localfourier,
    author  = {Bloch, S.},
    title   = {Local Fourier transforms and rigidity for $\mathcal{D}$-modules},
    journal = {Asian J. Math},
    year    = {2004},
    pages   = {587--605}
}
@book{coutinho1995primer,
  title     = {A Primer of Algebraic D-Modules},
  author    = {Coutinho, S.C.},
  isbn      = {9780521559089},
  lccn      = {95006628},
  series    = {London Mathematical Society Student Texts},
  url       = {http://books.google.de/books?id=USWURpFFZxEC},
  year      = {1995},
  publisher = {Cambridge University Press}
}
@booklet{ginzburg,
  title        = {Lectures on D-Modules},
  author       = {{Ginzburg},V.},
  howpublished = "Vorlesungsskript \url{http://www-bcf.usc.edu/~cautis/dmodules/ginzburg.pdf}",
  year         = {1998},
  publisher    = {unpublished}
}
@book{hotta2007d,
  title     = {D-Modules, Perverse Sheaves, and Representation Theory},
  author    = {{{Hotta}, R.} and {{Takeuchi}, K.} and {{Tanisaki}, T.}},
  isbn      = {9780817643638},
  lccn      = {04059581},
  series    = {Progress in Mathematics},
  url       = {http://books.google.de/books?id=xUHwypdk\_aAC},
  year      = {2007},
  publisher = {Birkh{\"a}user Boston}
}
@book{kashiwara2003d,
  title     = {D-Modules and Microlocal Calculus},
  author    = {Kashiwara, M.},
  isbn      = {9780821827666},
  lccn      = {20227793},
  series    = {Translations of Mathematical Monographs},
  url       = {http://books.google.de/books?id=g4DXOVnq1GgC},
  year      = {2003},
  publisher = {American Mathematical Society}
}
@book{comtet1974advanced,
  title     = {Advanced Combinatorics: The Art of Finite and Infinite Expansions},
  author    = {Comtet, L.},
  isbn      = {9789027704412},
  lccn      = {lc73086091},
  url       = {http://books.google.de/books?id=C0HPgWhEssYC},
  year      = {1974},
  publisher = {D. Reidel Publishing Company}
}
@misc{stacks-project,
  author       = "The {Stacks Project Authors}",
  title        = "{\itshape Stacks Project}",
  howpublished = "\url{http://stacks.math.columbia.edu}",
  year         = 2012,
  month        = dec
}

@article{GarciaLopez04,
    Author        = {Garc{\'{\i}}a L{\'o}pez, Ricardo},
    Date-Added    = {2008-12-11 15:35:16 +0100},
    Date-Modified = {2008-12-11 15:35:30 +0100},
    Fjournal      = {The Asian Journal of Mathematics},
    Issn          = {1093-6106},
    Journal       = {Asian J. Math.},
    Mrreviewer    = {Pedro C. Silva},
    Number        = {4},
    Pages         = {747--768},
    Title         = {Microlocalization and stationary phase},
    Volume        = {8},
    Year          = {2004}
}
@book{hartshorne1977algebraic,
  title     = {Algebraic Geometry},
  author    = {Hartshorne, R.},
  series    = {Graduate Texts in Mathematics},
  year      = {1977},
  publisher = {Springer}
}
@book{Haskell1,
    author    = "Hutton, G.",
    title     = "{Programming in Haskell}",
    publisher = "Cambridge University Press",
    month     = jan,
    year      = 2007
}
@book{KnoppReihen,
   title     = "Theorie und Anwendung der unendlichen Reihen",
   author    = "Knopp, K.",
   series    = "Die Grundlehren der mathematischen Wissenschaften",
   publisher = "Springer",
   address   = "Berlin",
   isbn      = "0-387-03138-3",
   year      = 1964
}
@book{matsumura1989commutative,
  title     = {Commutative Ring Theory},
  author    = {Matsumura, H. and Reid, M.},
  isbn      = {9780521367646},
  lccn      = {86011691},
  series    = {Cambridge Studies in Advanced Mathematics},
  url       = {http://books.google.de/books?id=yJwNrABugDEC},
  year      = {1989},
  publisher = {Cambridge University Press}
}


@booklet{SchneidersDmod,
  title        = {An Introduction to D-Modules},
  author       = {{Schneiders},J.P.},
  school       = { Math´ ematiques Universit´ e Paris XIII},
  year         = {1994},
  howpublished = "\url{http://www.analg.ulg.ac.be/jps/rec/idm.pdf}",
  publisher    = {unpublished}
}
