@article{GarciaLopez04,
    Author        = {Garc{\'{\i}}a L{\'o}pez, Ricardo},
    Date-Added    = {2008-12-11 15:35:16 +0100},
    Date-Modified = {2008-12-11 15:35:30 +0100},
    Fjournal      = {The Asian Journal of Mathematics},
    Issn          = {1093-6106},
    Journal       = {Asian J. Math.},
    Mrreviewer    = {Pedro C. Silva},
    Number        = {4},
    Pages         = {747--768},
    Title         = {Microlocalization and stationary phase},
    Volume        = {8},
    Year          = {2004}
}
@book{hartshorne1977algebraic,
  title     = {Algebraic Geometry},
  author    = {Hartshorne, R.},
  series    = {Graduate Texts in Mathematics},
  year      = {1977},
  publisher = {Springer}
}
@book{Haskell1,
    author    = "Hutton, G.",
    title     = "{Programming in Haskell}",
    publisher = "Cambridge University Press",
    month     = jan,
    year      = 2007
}
@book{KnoppReihen,
   title     = "Theorie und Anwendung der unendlichen Reihen",
   author    = "Knopp, K.",
   series    = "Die Grundlehren der mathematischen Wissenschaften",
   publisher = "Springer",
   address   = "Berlin",
   isbn      = "0-387-03138-3",
   year      = 1964
}
@book{matsumura1989commutative,
  title     = {Commutative Ring Theory},
  author    = {{{Matsumura}, H.} and {{Reid}, M.}},
  isbn      = {9780521367646},
  lccn      = {86011691},
  series    = {Cambridge Studies in Advanced Mathematics},
  url       = {http://books.google.de/books?id=yJwNrABugDEC},
  year      = {1989},
  publisher = {Cambridge University Press}
}

@misc{0812.3921,
    Author       = {Andr\'e, Y.},
    Title        = {Slope filtrations},
    Year         = {2008},
    Eprint       = {arXiv:0812.3921},
    howpublished = {arXiv:0812.3921}
}

@booklet{SchneidersDmod,
  title        = {An Introduction to D-Modules},
  author       = {{Schneiders},J.P.},
  school       = { Math´ ematiques Universit´ e Paris XIII},
  year         = {1994},
  howpublished = "\url{http://www.analg.ulg.ac.be/jps/rec/idm.pdf}",
  publisher    = {unpublished}
}

@book{sabbah2013introduction,
  title={Introduction to Stokes Structures},
  author={Sabbah, C.},
  isbn={9783642316944},
  lccn={2012947650},
  series={Lecture Notes in Mathematics},
  url={http://books.google.de/books?id=NCqPLwEACAAJ},
  year={2013},
  publisher={Springer London, Limited}
}

@misc{REFKashiwara1984,
    year={1984},
    author={Kashiwara, M.},
    title={The Riemann-Hilbert problem for holonomic systems},
    howpublished={Publ. R. I. M. S. Kyoto University 20 (1984) 319--365 }
}

@article{citeulike:8523004,
    author = {Boalch, P.},
    citeulike-article-id = {8523004},
    citeulike-linkout-0 = {http://dx.doi.org/10.1006/aima.2001.1998},
    day = {10},
    doi = {10.1006/aima.2001.1998},
    issn = {00018708},
    journal = {Advances in Mathematics},
    keywords = {isomonodromic\_deformations, symplectic\_manifolds},
    month = nov,
    number = {2},
    pages = {137--205},
    posted-at = {2011-01-07 11:19:07},
    priority = {5},
    title = {{Symplectic Manifolds and Isomonodromic Deformations}},
    url = {http://dx.doi.org/10.1006/aima.2001.1998},
    volume = {163},
    year = {2001}
}


@book{bjoerk1993analytic,
  title={Analytic D-Modules and Applications},
  author={Bj{\"o}rk, J.E.},
  isbn={9780792321149},
  lccn={lc92044826},
  series={Mathematics and Its Applications},
  url={http://books.google.de/books?id=Tz\_CO3aIWf0C},
  year={1993},
  publisher={Springer}
}
