@booklet{arapuraNotez,
  title        = {D-modules},
  author       = {{Elliott},C.},
  howpublished = {unpublished notes available online},
  url          = { http://www.math.northwestern.edu/~celliott/D_modules.pdf },
  publisher    = {unpublished}
}
