@book{hartshorne1977algebraic,
    title={Algebraic Geometry},
  author={Hartshorne, R.},
  series={Graduate Texts in Mathematics},
  year={1977},
  publisher={Springer}
}

@booklet{sabah,
    author = {Claude Sabbah},
    title = {Introduction to algebraic theory of linear systems of differential equations},
    howpublished = {Vorlesungsskript}
}

@book{matsumura1989commutative,
  title={Commutative Ring Theory},
  author={Matsumura, H. and Reid, M.},
  isbn={9780521367646},
  lccn={86011691},
  series={Cambridge Studies in Advanced Mathematics},
  url={http://books.google.de/books?id=yJwNrABugDEC},
  year={1989},
  publisher={Cambridge University Press}
}
